@mastersthesis{balen2020optimal,
  title={Optimal Fusion in Data-Parallel Languages: From Diagonal Fusion to Code Generation},
  author={van Balen, DP},
  year={2020}
}

@article{braak2015improving,
  title={Improving GPU Performance},
  author={van den Braak, Gerardus Johannes Wilhelmus},
  publisher={Citeseer},
  year={2015}
}

@inproceedings{chakravarty2011accelerating,
    author      = {Chakravarty, Manuel M T and Keller, Gabriele and Lee, Sean and McDonell, Trevor L. and Grover, Vinod},
    title       = {{Accelerating Haskell array codes with multicore GPUs}},
    booktitle   = {DAMP '11: The 6th workshop on Declarative Aspects of Multicore Programming},
    publisher   = {ACM},
    year        = {2011}
}

@inproceedings{dai2016model,
  title={A model-driven approach to warp/thread-block level GPU cache bypassing},
  author={Dai, Hongwen and Li, Chao and Zhou, Huiyang and Gupta, Saurabh and Kartsaklis, Christos and Mantor, Mike},
  booktitle={2016 53nd ACM/EDAC/IEEE Design Automation Conference (DAC)},
  pages={1--6},
  year={2016},
  organization={IEEE}
}

@inproceedings{dieguez2014efficient,
  title={Efficient scan operator methods on a GPU},
  author={Di{\'e}guez, Adri{\'a}n P and Amor, Margarita and Doallo, Ram{\'o}n},
  booktitle={2014 IEEE 26th International Symposium on Computer Architecture and High Performance Computing},
  pages={190--197},
  year={2014},
  organization={IEEE}
}

@inproceedings{dieguez2018efficient,
  title={Efficient Solving of Scan Primitive on Multi-GPU Systems},
  author={Di{\'e}guez, Adri{\'a}n P and Amor, Margarita and Doallo, Ram{\'o}n and Nukada, Akira and Matsuoka, Satoshi},
  booktitle={2018 IEEE International Parallel and Distributed Processing Symposium (IPDPS)},
  pages={794--803},
  year={2018},
  organization={IEEE}
}

@article{jia2018dissecting,
  title={Dissecting the NVIDIA volta GPU architecture via microbenchmarking},
  author={Jia, Zhe and Maggioni, Marco and Staiger, Benjamin and Scarpazza, Daniele P},
  journal={arXiv preprint arXiv:1804.06826},
  year={2018}
}

@article{jia2019dissecting,
  title={Dissecting the NVidia Turing T4 GPU via microbenchmarking},
  author={Jia, Zhe and Maggioni, Marco and Smith, Jeffrey and Scarpazza, Daniele Paolo},
  journal={arXiv preprint arXiv:1903.07486},
  year={2019}
}

@inproceedings{khairy2020locality,
  title={Locality-centric data and threadblock management for massive GPUs},
  author={Khairy, Mahmoud and Nikiforov, Vadim and Nellans, David and Rogers, Timothy G},
  booktitle={2020 53rd Annual IEEE/ACM International Symposium on Microarchitecture (MICRO)},
  pages={1022--1036},
  year={2020},
  organization={IEEE}
}

@inproceedings{kim2019compiler,
  title={Compiler-assisted GPU thread throttling for reduced cache contention},
  author={Kim, Hyunjun and Hong, Sungin and Lee, Hyeonsu and Seo, Euiseong and Han, Hwansoo},
  booktitle={Proceedings of the 48th International Conference on Parallel Processing},
  pages={1--10},
  year={2019}
}

@inproceedings{koo2015revealing,
  title={Revealing critical loads and hidden data locality in GPGPU applications},
  author={Koo, Gunjae and Jeon, Hyeran and Annavaram, Murali},
  booktitle={2015 IEEE International Symposium on Workload Characterization},
  pages={120--129},
  year={2015},
  organization={IEEE}
}

@inproceedings{koo2017access,
  title={Access pattern-aware cache management for improving data utilization in GPU},
  author={Koo, Gunjae and Oh, Yunho and Ro, Won Woo and Annavaram, Murali},
  booktitle={Proceedings of the 44th Annual International Symposium on Computer Architecture},
  pages={307--319},
  year={2017}
}

@inproceedings{li2011strassen,
  title={Strassen's matrix multiplication on GPUs},
  author={Li, Junjie and Ranka, Sanjay and Sahni, Sartaj},
  booktitle={2011 IEEE 17th International Conference on Parallel and Distributed Systems},
  pages={157--164},
  year={2011},
  organization={IEEE}
}

@article{li2017locality,
  title={Locality-aware CTA clustering for modern GPUs},
  author={Li, Ang and Song, Shuaiwen Leon and Liu, Weifeng and Liu, Xu and Kumar, Akash and Corporaal, Henk},
  journal={ACM SIGARCH Computer Architecture News},
  volume={45},
  number={1},
  pages={297--311},
  year={2017},
  publisher={ACM New York, NY, USA}
}

@article{mei2016dissecting,
  title={Dissecting GPU memory hierarchy through microbenchmarking},
  author={Mei, Xinxin and Chu, Xiaowen},
  journal={IEEE Transactions on Parallel and Distributed Systems},
  volume={28},
  number={1},
  pages={72--86},
  year={2016},
  publisher={IEEE}
}

@inproceedings{nugteren2014study,
  title={A study of the potential of locality-aware thread scheduling for GPUs},
  author={Nugteren, Cedric and van den Braak, Gert-Jan and Corporaal, Henk},
  booktitle={European Conference on Parallel Processing},
  pages={146--157},
  year={2014},
  organization={Springer}
}

@article{nvidia2017volta,
  title={NVIDIA VOLTA V100 GPU Architecture},
  author={NVIDIA},
  year={2017}
}

@article{nvidia2020ampere,
  title={NVIDIA A100 Tensore Core GPU Architecture},
  author={NVIDIA},
  year={2020}
}

 @misc{nvidia2021cudadocs,
  title   = {CUDA Toolkit Documentation v11.5.0},
  author  = {NVIDIA},
  url     = {https://docs.nvidia.com/cuda/index.html},
  journal = {docs.nvidia.com},
  urldate = {2021-11-10}
}

@inproceedings{rivera2000tiling,
  title={Tiling optimizations for 3D scientific computations},
  author={Rivera, Gabriel and Tseng, Chau-Wen},
  booktitle={SC'00: Proceedings of the 2000 ACM/IEEE conference on Supercomputing},
  pages={32--32},
  year={2000},
  organization={IEEE}
}

@phdthesis{rogers2015locality,
  title={Locality and scheduling in the massively multithreaded era},
  author={Rogers, Timothy Glenn},
  year={2015},
  school={University of British Columbia}
}

@article{sugimoto2014improving,
  title={Improving cache locality for GPU-based volume rendering},
  author={Sugimoto, Yuki and Ino, Fumihiko and Hagihara, Kenichi},
  journal={Parallel Computing},
  volume={40},
  number={5-6},
  pages={59--69},
  year={2014},
  publisher={Elsevier}
}

@article{tripathy2021paver,
  title={Paver: Locality graph-based thread block scheduling for gpus},
  author={Tripathy, Devashree and Abdolrashidi, Amirali and Bhuyan, Laxmi Narayan and Zhou, Liang and Wong, Daniel},
  journal={ACM Transactions on Architecture and Code Optimization (TACO)},
  volume={18},
  number={3},
  pages={1--26},
  year={2021},
  publisher={ACM New York, NY, USA}
}

