@inproceedings{alman2018limits,
  title={Limits on all known (and some unknown) approaches to matrix multiplication},
  author={Alman, Josh and Williams, Virginia Vassilevska},
  booktitle={2018 IEEE 59th Annual Symposium on Foundations of Computer Science (FOCS)},
  pages={580--591},
  year={2018},
  organization={IEEE}
}
