@article{bader2006cache,
  title={Cache oblivious matrix multiplication using an element ordering based on a Peano curve},
  author={Bader, Michael and Zenger, Christoph},
  journal={Linear Algebra and its Applications},
  volume={417},
  number={2-3},
  pages={301--313},
  year={2006},
  publisher={Elsevier}
}
