@mastersthesis{balen2020optimal,
  title={Optimal Fusion in Data-Parallel Languages: From Diagonal Fusion to Code Generation},
  author={van Balen, DP},
  year={2020}
}