@article{braak2015improving,
  title={Improving GPU Performance},
  author={van den Braak, Gerardus Johannes Wilhelmus},
  publisher={Citeseer},
  year={2015}
}