@inproceedings{chakravarty2011accelerating,
    author      = {Chakravarty, Manuel M T and Keller, Gabriele and Lee, Sean and McDonell, Trevor L. and Grover, Vinod},
    title       = {{Accelerating Haskell array codes with multicore GPUs}},
    booktitle   = {DAMP '11: The 6th workshop on Declarative Aspects of Multicore Programming},
    publisher   = {ACM},
    year        = {2011}
}