@inproceedings{dai2016model,
  title={A model-driven approach to warp/thread-block level GPU cache bypassing},
  author={Dai, Hongwen and Li, Chao and Zhou, Huiyang and Gupta, Saurabh and Kartsaklis, Christos and Mantor, Mike},
  booktitle={2016 53nd ACM/EDAC/IEEE Design Automation Conference (DAC)},
  pages={1--6},
  year={2016},
  organization={IEEE}
}