@inproceedings{dieguez2018efficient,
  title={Efficient Solving of Scan Primitive on Multi-GPU Systems},
  author={Di{\'e}guez, Adri{\'a}n P and Amor, Margarita and Doallo, Ram{\'o}n and Nukada, Akira and Matsuoka, Satoshi},
  booktitle={2018 IEEE International Parallel and Distributed Processing Symposium (IPDPS)},
  pages={794--803},
  year={2018},
  organization={IEEE}
}