@inproceedings{dieguez2014efficient,
  title={Efficient scan operator methods on a GPU},
  author={Di{\'e}guez, Adri{\'a}n P and Amor, Margarita and Doallo, Ram{\'o}n},
  booktitle={2014 IEEE 26th International Symposium on Computer Architecture and High Performance Computing},
  pages={190--197},
  year={2014},
  organization={IEEE}
}