@inproceedings{frigo1999cache,
  title={Cache-oblivious algorithms},
  author={Frigo, Matteo and Leiserson, Charles E and Prokop, Harald and Ramachandran, Sridhar},
  booktitle={40th Annual Symposium on Foundations of Computer Science (Cat. No. 99CB37039)},
  pages={285--297},
  year={1999},
  organization={IEEE}
}
