@article{jia2019dissecting,
  title={Dissecting the NVidia Turing T4 GPU via microbenchmarking},
  author={Jia, Zhe and Maggioni, Marco and Smith, Jeffrey and Scarpazza, Daniele Paolo},
  journal={arXiv preprint arXiv:1903.07486},
  year={2019}
}