@inproceedings{kamil2006implicit,
  title={Implicit and explicit optimizations for stencil computations},
  author={Kamil, Shoaib and Datta, Kaushik and Williams, Samuel and Oliker, Leonid and Shalf, John and Yelick, Katherine},
  booktitle={Proceedings of the 2006 workshop on Memory system performance and correctness},
  pages={51--60},
  year={2006}
}
