@inproceedings{khairy2020locality,
  title={Locality-centric data and threadblock management for massive GPUs},
  author={Khairy, Mahmoud and Nikiforov, Vadim and Nellans, David and Rogers, Timothy G},
  booktitle={2020 53rd Annual IEEE/ACM International Symposium on Microarchitecture (MICRO)},
  pages={1022--1036},
  year={2020},
  organization={IEEE}
}