@inproceedings{kim2019compiler,
  title={Compiler-assisted GPU thread throttling for reduced cache contention},
  author={Kim, Hyunjun and Hong, Sungin and Lee, Hyeonsu and Seo, Euiseong and Han, Hwansoo},
  booktitle={Proceedings of the 48th International Conference on Parallel Processing},
  pages={1--10},
  year={2019}
}