@inproceedings{koo2017access,
  title={Access pattern-aware cache management for improving data utilization in GPU},
  author={Koo, Gunjae and Oh, Yunho and Ro, Won Woo and Annavaram, Murali},
  booktitle={Proceedings of the 44th Annual International Symposium on Computer Architecture},
  pages={307--319},
  year={2017}
}