@inproceedings{koo2015revealing,
  title={Revealing critical loads and hidden data locality in GPGPU applications},
  author={Koo, Gunjae and Jeon, Hyeran and Annavaram, Murali},
  booktitle={2015 IEEE International Symposium on Workload Characterization},
  pages={120--129},
  year={2015},
  organization={IEEE}
}