@article{lam1991cache,
  title={The cache performance and optimizations of blocked algorithms},
  author={Lam, Monica D and Rothberg, Edward E and Wolf, Michael E},
  journal={ACM SIGOPS Operating Systems Review},
  volume={25},
  number={Special Issue},
  pages={63--74},
  year={1991},
  publisher={ACM New York, NY, USA}
}