@inproceedings{li2011strassen,
  title={Strassen's matrix multiplication on GPUs},
  author={Li, Junjie and Ranka, Sanjay and Sahni, Sartaj},
  booktitle={2011 IEEE 17th International Conference on Parallel and Distributed Systems},
  pages={157--164},
  year={2011},
  organization={IEEE}
}