@article{li2017locality,
  title={Locality-aware CTA clustering for modern GPUs},
  author={Li, Ang and Song, Shuaiwen Leon and Liu, Weifeng and Liu, Xu and Kumar, Akash and Corporaal, Henk},
  journal={ACM SIGARCH Computer Architecture News},
  volume={45},
  number={1},
  pages={297--311},
  year={2017},
  publisher={ACM New York, NY, USA}
}