 @misc{llvm,
  title   = {The LLVM Compiler Infrastructure },
  url     = {https://llvm.org/},
  urldate = {2021-11-16}
}