@article{mcdonell2015type,
  title={Type-safe runtime code generation: accelerate to LLVM},
  author={McDonell, Trevor L and Chakravarty, Manuel MT and Grover, Vinod and Newton, Ryan R},
  journal={ACM SIGPLAN Notices},
  volume={50},
  number={12},
  pages={201--212},
  year={2015},
  publisher={ACM New York, NY, USA}
}
