@article{mcdonell2013optimising,
  title={Optimising purely functional GPU programs},
  author={McDonell, Trevor L and Chakravarty, Manuel MT and Keller, Gabriele and Lippmeier, Ben},
  journal={ACM SIGPLAN Notices},
  volume={48},
  number={9},
  pages={49--60},
  year={2013},
  publisher={ACM New York, NY, USA}
}
