@article{mei2016dissecting,
  title={Dissecting GPU memory hierarchy through microbenchmarking},
  author={Mei, Xinxin and Chu, Xiaowen},
  journal={IEEE Transactions on Parallel and Distributed Systems},
  volume={28},
  number={1},
  pages={72--86},
  year={2016},
  publisher={IEEE}
}