@book{meyer2003algorithms,
  title={Algorithms for memory hierarchies: advanced lectures},
  author={Meyer, Ulrich and Sanders, Peter and others},
  volume={2625},
  year={2003},
  publisher={Springer Science \& Business Media}
}