@inproceedings{nugteren2014study,
  title={A study of the potential of locality-aware thread scheduling for GPUs},
  author={Nugteren, Cedric and van den Braak, Gert-Jan and Corporaal, Henk},
  booktitle={European Conference on Parallel Processing},
  pages={146--157},
  year={2014},
  organization={Springer}
}