 @misc{nvidia2021cudadocs,
  title   = {CUDA Toolkit Documentation v11.5.0},
  author  = {NVIDIA},
  url     = {https://docs.nvidia.com/cuda/index.html},
  journal = {docs.nvidia.com},
  urldate = {2021-11-10}
}