@article{nvidia2020ampere,
  title={NVIDIA A100 Tensore Core GPU Architecture},
  author={NVIDIA},
  year={2020}
}