@article{nvidia2018turing,
  title={NVIDIA TURING GPU Architecture},
  author={NVIDIA},
  year={2018}
}