@article{nvidia2017volta,
  title={NVIDIA VOLTA V100 GPU Architecture},
  author={NVIDIA},
  year={2017}
}