@inproceedings{rivera2000tiling,
  title={Tiling optimizations for 3D scientific computations},
  author={Rivera, Gabriel and Tseng, Chau-Wen},
  booktitle={SC'00: Proceedings of the 2000 ACM/IEEE conference on Supercomputing},
  pages={32--32},
  year={2000},
  organization={IEEE}
}