@phdthesis{rogers2015locality,
  title={Locality and scheduling in the massively multithreaded era},
  author={Rogers, Timothy Glenn},
  year={2015},
  school={University of British Columbia}
}