@INPROCEEDINGS{roth1997compilingstencils,
    author = {Gerald Roth and Gerald Roth and John Mellor-crummey and John Mellor-crummey and Ken Kennedy and Ken Kennedy and R. Gregg Brickner and R. Gregg Brickner},
    title = {Compiling Stencils in High Performance Fortran},
    booktitle = {In Supercomputing â€™97: Proceedings of the 1997 ACM/IEEE conference on Supercomputing (CDROM},
    year = {1997},
    pages = {1--20},
    publisher = {ACM Press}
}