@inproceedings{strzodka2011cache,
  title={Cache accurate time skewing in iterative stencil computations},
  author={Strzodka, Robert and Shaheen, Mohammed and Pajak, Dawid and Seidel, Hans-Peter},
  booktitle={2011 International Conference on Parallel Processing},
  pages={571--581},
  year={2011},
  organization={IEEE}
}
