@article{sugimoto2014improving,
  title={Improving cache locality for GPU-based volume rendering},
  author={Sugimoto, Yuki and Ino, Fumihiko and Hagihara, Kenichi},
  journal={Parallel Computing},
  volume={40},
  number={5-6},
  pages={59--69},
  year={2014},
  publisher={Elsevier}
}