@article{tripathy2021paver,
  title={Paver: Locality graph-based thread block scheduling for gpus},
  author={Tripathy, Devashree and Abdolrashidi, Amirali and Bhuyan, Laxmi Narayan and Zhou, Liang and Wong, Daniel},
  journal={ACM Transactions on Architecture and Code Optimization (TACO)},
  volume={18},
  number={3},
  pages={1--26},
  year={2021},
  publisher={ACM New York, NY, USA}
}