@article{winograd1971multiplication,
  title={On multiplication of 2$\times$ 2 matrices},
  author={Winograd, Shmuel},
  journal={Linear algebra and its applications},
  volume={4},
  number={4},
  pages={381--388},
  year={1971},
  publisher={North-Holland}
}
