@inproceedings{wolf1991data,
  title={A data locality optimizing algorithm},
  author={Wolf, Michael E and Lam, Monica S},
  booktitle={Proceedings of the ACM SIGPLAN 1991 conference on Programming language design and implementation},
  pages={30--44},
  year={1991}
}