@inproceedings{zhao2019exploiting,
  title={Exploiting reuse and vectorization in blocked stencil computations on CPUs and GPUs},
  author={Zhao, Tuowen and Basu, Protonu and Williams, Samuel and Hall, Mary and Johansen, Hans},
  booktitle={Proceedings of the International Conference for High Performance Computing, Networking, Storage and Analysis},
  pages={1--44},
  year={2019}
}
