@inproceedings{alman2018limits,
  title={Limits on all known (and some unknown) approaches to matrix multiplication},
  author={Alman, Josh and Williams, Virginia Vassilevska},
  booktitle={2018 IEEE 59th Annual Symposium on Foundations of Computer Science (FOCS)},
  pages={580--591},
  year={2018},
  organization={IEEE}
}


@article{bader2006cache,
  title={Cache oblivious matrix multiplication using an element ordering based on a Peano curve},
  author={Bader, Michael and Zenger, Christoph},
  journal={Linear Algebra and its Applications},
  volume={417},
  number={2-3},
  pages={301--313},
  year={2006},
  publisher={Elsevier}
}


@mastersthesis{balen2020optimal,
  title={Optimal Fusion in Data-Parallel Languages: From Diagonal Fusion to Code Generation},
  author={van Balen, DP},
  year={2020}
}

@article{braak2015improving,
  title={Improving GPU Performance},
  author={van den Braak, Gerardus Johannes Wilhelmus},
  publisher={Citeseer},
  year={2015}
}

@inproceedings{chakravarty2011accelerating,
    author      = {Chakravarty, Manuel M T and Keller, Gabriele and Lee, Sean and McDonell, Trevor L. and Grover, Vinod},
    title       = {{Accelerating Haskell array codes with multicore GPUs}},
    booktitle   = {DAMP '11: The 6th workshop on Declarative Aspects of Multicore Programming},
    publisher   = {ACM},
    year        = {2011}
}

@inproceedings{coppersmith1987matrix,
  title={Matrix multiplication via arithmetic progressions},
  author={Coppersmith, Don and Winograd, Shmuel},
  booktitle={Proceedings of the nineteenth annual ACM symposium on Theory of computing},
  pages={1--6},
  year={1987}
}


@inproceedings{dai2016model,
  title={A model-driven approach to warp/thread-block level GPU cache bypassing},
  author={Dai, Hongwen and Li, Chao and Zhou, Huiyang and Gupta, Saurabh and Kartsaklis, Christos and Mantor, Mike},
  booktitle={2016 53nd ACM/EDAC/IEEE Design Automation Conference (DAC)},
  pages={1--6},
  year={2016},
  organization={IEEE}
}

@inproceedings{dieguez2014efficient,
  title={Efficient scan operator methods on a GPU},
  author={Di{\'e}guez, Adri{\'a}n P and Amor, Margarita and Doallo, Ram{\'o}n},
  booktitle={2014 IEEE 26th International Symposium on Computer Architecture and High Performance Computing},
  pages={190--197},
  year={2014},
  organization={IEEE}
}

@inproceedings{dieguez2018efficient,
  title={Efficient Solving of Scan Primitive on Multi-GPU Systems},
  author={Di{\'e}guez, Adri{\'a}n P and Amor, Margarita and Doallo, Ram{\'o}n and Nukada, Akira and Matsuoka, Satoshi},
  booktitle={2018 IEEE International Parallel and Distributed Processing Symposium (IPDPS)},
  pages={794--803},
  year={2018},
  organization={IEEE}
}

@inproceedings{frigo1999cache,
  title={Cache-oblivious algorithms},
  author={Frigo, Matteo and Leiserson, Charles E and Prokop, Harald and Ramachandran, Sridhar},
  booktitle={40th Annual Symposium on Foundations of Computer Science (Cat. No. 99CB37039)},
  pages={285--297},
  year={1999},
  organization={IEEE}
}


@article{jia2018dissecting,
  title={Dissecting the NVIDIA volta GPU architecture via microbenchmarking},
  author={Jia, Zhe and Maggioni, Marco and Staiger, Benjamin and Scarpazza, Daniele P},
  journal={arXiv preprint arXiv:1804.06826},
  year={2018}
}

@article{jia2019dissecting,
  title={Dissecting the NVidia Turing T4 GPU via microbenchmarking},
  author={Jia, Zhe and Maggioni, Marco and Smith, Jeffrey and Scarpazza, Daniele Paolo},
  journal={arXiv preprint arXiv:1903.07486},
  year={2019}
}

@inproceedings{kamil2006implicit,
  title={Implicit and explicit optimizations for stencil computations},
  author={Kamil, Shoaib and Datta, Kaushik and Williams, Samuel and Oliker, Leonid and Shalf, John and Yelick, Katherine},
  booktitle={Proceedings of the 2006 workshop on Memory system performance and correctness},
  pages={51--60},
  year={2006}
}


@inproceedings{khairy2020locality,
  title={Locality-centric data and threadblock management for massive GPUs},
  author={Khairy, Mahmoud and Nikiforov, Vadim and Nellans, David and Rogers, Timothy G},
  booktitle={2020 53rd Annual IEEE/ACM International Symposium on Microarchitecture (MICRO)},
  pages={1022--1036},
  year={2020},
  organization={IEEE}
}

@inproceedings{kim2019compiler,
  title={Compiler-assisted GPU thread throttling for reduced cache contention},
  author={Kim, Hyunjun and Hong, Sungin and Lee, Hyeonsu and Seo, Euiseong and Han, Hwansoo},
  booktitle={Proceedings of the 48th International Conference on Parallel Processing},
  pages={1--10},
  year={2019}
}

@inproceedings{koo2015revealing,
  title={Revealing critical loads and hidden data locality in GPGPU applications},
  author={Koo, Gunjae and Jeon, Hyeran and Annavaram, Murali},
  booktitle={2015 IEEE International Symposium on Workload Characterization},
  pages={120--129},
  year={2015},
  organization={IEEE}
}

@inproceedings{koo2017access,
  title={Access pattern-aware cache management for improving data utilization in GPU},
  author={Koo, Gunjae and Oh, Yunho and Ro, Won Woo and Annavaram, Murali},
  booktitle={Proceedings of the 44th Annual International Symposium on Computer Architecture},
  pages={307--319},
  year={2017}
}

@article{lam1991cache,
  title={The cache performance and optimizations of blocked algorithms},
  author={Lam, Monica D and Rothberg, Edward E and Wolf, Michael E},
  journal={ACM SIGOPS Operating Systems Review},
  volume={25},
  number={Special Issue},
  pages={63--74},
  year={1991},
  publisher={ACM New York, NY, USA}
}

@inproceedings{li2011strassen,
  title={Strassen's matrix multiplication on GPUs},
  author={Li, Junjie and Ranka, Sanjay and Sahni, Sartaj},
  booktitle={2011 IEEE 17th International Conference on Parallel and Distributed Systems},
  pages={157--164},
  year={2011},
  organization={IEEE}
}

@article{li2017locality,
  title={Locality-aware CTA clustering for modern GPUs},
  author={Li, Ang and Song, Shuaiwen Leon and Liu, Weifeng and Liu, Xu and Kumar, Akash and Corporaal, Henk},
  journal={ACM SIGARCH Computer Architecture News},
  volume={45},
  number={1},
  pages={297--311},
  year={2017},
  publisher={ACM New York, NY, USA}
}

 @misc{llvm,
  title   = {The LLVM Compiler Infrastructure },
  url     = {https://llvm.org/},
  urldate = {2021-11-16}
}

@article{mcdonell2013optimising,
  title={Optimising purely functional GPU programs},
  author={McDonell, Trevor L and Chakravarty, Manuel MT and Keller, Gabriele and Lippmeier, Ben},
  journal={ACM SIGPLAN Notices},
  volume={48},
  number={9},
  pages={49--60},
  year={2013},
  publisher={ACM New York, NY, USA}
}


@article{mcdonell2015type,
  title={Type-safe runtime code generation: accelerate to LLVM},
  author={McDonell, Trevor L and Chakravarty, Manuel MT and Grover, Vinod and Newton, Ryan R},
  journal={ACM SIGPLAN Notices},
  volume={50},
  number={12},
  pages={201--212},
  year={2015},
  publisher={ACM New York, NY, USA}
}


@article{mei2016dissecting,
  title={Dissecting GPU memory hierarchy through microbenchmarking},
  author={Mei, Xinxin and Chu, Xiaowen},
  journal={IEEE Transactions on Parallel and Distributed Systems},
  volume={28},
  number={1},
  pages={72--86},
  year={2016},
  publisher={IEEE}
}

@book{meyer2003algorithms,
  title={Algorithms for memory hierarchies: advanced lectures},
  author={Meyer, Ulrich and Sanders, Peter and others},
  volume={2625},
  year={2003},
  publisher={Springer Science \& Business Media}
}

@inproceedings{nugteren2014study,
  title={A study of the potential of locality-aware thread scheduling for GPUs},
  author={Nugteren, Cedric and van den Braak, Gert-Jan and Corporaal, Henk},
  booktitle={European Conference on Parallel Processing},
  pages={146--157},
  year={2014},
  organization={Springer}
}

@article{nvidia2017volta,
  title={NVIDIA VOLTA V100 GPU Architecture},
  author={NVIDIA},
  year={2017}
}

@article{nvidia2018turing,
  title={NVIDIA TURING GPU Architecture},
  author={NVIDIA},
  year={2018}
}

@article{nvidia2020ampere,
  title={NVIDIA A100 Tensore Core GPU Architecture},
  author={NVIDIA},
  year={2020}
}

 @misc{nvidia2021cudadocs,
  title   = {CUDA Toolkit Documentation v11.5.0},
  author  = {NVIDIA},
  url     = {https://docs.nvidia.com/cuda/index.html},
  journal = {docs.nvidia.com},
  urldate = {2021-11-10}
}

@inproceedings{rivera2000tiling,
  title={Tiling optimizations for 3D scientific computations},
  author={Rivera, Gabriel and Tseng, Chau-Wen},
  booktitle={SC'00: Proceedings of the 2000 ACM/IEEE conference on Supercomputing},
  pages={32--32},
  year={2000},
  organization={IEEE}
}

@phdthesis{rogers2015locality,
  title={Locality and scheduling in the massively multithreaded era},
  author={Rogers, Timothy Glenn},
  year={2015},
  school={University of British Columbia}
}

@INPROCEEDINGS{roth1997compilingstencils,
    author = {Gerald Roth and Gerald Roth and John Mellor-crummey and John Mellor-crummey and Ken Kennedy and Ken Kennedy and R. Gregg Brickner and R. Gregg Brickner},
    title = {Compiling Stencils in High Performance Fortran},
    booktitle = {In Supercomputing â€™97: Proceedings of the 1997 ACM/IEEE conference on Supercomputing (CDROM},
    year = {1997},
    pages = {1--20},
    publisher = {ACM Press}
}

@article{strassen1969gaussian,
  title={Gaussian elimination is not optimal},
  author={Strassen, Volker},
  journal={Numerische mathematik},
  volume={13},
  number={4},
  pages={354--356},
  year={1969},
  publisher={Springer}
}


@inproceedings{strzodka2011cache,
  title={Cache accurate time skewing in iterative stencil computations},
  author={Strzodka, Robert and Shaheen, Mohammed and Pajak, Dawid and Seidel, Hans-Peter},
  booktitle={2011 International Conference on Parallel Processing},
  pages={571--581},
  year={2011},
  organization={IEEE}
}


@article{sugimoto2014improving,
  title={Improving cache locality for GPU-based volume rendering},
  author={Sugimoto, Yuki and Ino, Fumihiko and Hagihara, Kenichi},
  journal={Parallel Computing},
  volume={40},
  number={5-6},
  pages={59--69},
  year={2014},
  publisher={Elsevier}
}

@article{tripathy2021paver,
  title={Paver: Locality graph-based thread block scheduling for gpus},
  author={Tripathy, Devashree and Abdolrashidi, Amirali and Bhuyan, Laxmi Narayan and Zhou, Liang and Wong, Daniel},
  journal={ACM Transactions on Architecture and Code Optimization (TACO)},
  volume={18},
  number={3},
  pages={1--26},
  year={2021},
  publisher={ACM New York, NY, USA}
}

@article{winograd1971multiplication,
  title={On multiplication of 2$\times$ 2 matrices},
  author={Winograd, Shmuel},
  journal={Linear algebra and its applications},
  volume={4},
  number={4},
  pages={381--388},
  year={1971},
  publisher={North-Holland}
}


@inproceedings{wolf1991data,
  title={A data locality optimizing algorithm},
  author={Wolf, Michael E and Lam, Monica S},
  booktitle={Proceedings of the ACM SIGPLAN 1991 conference on Programming language design and implementation},
  pages={30--44},
  year={1991}
}

@inproceedings{zhao2019exploiting,
  title={Exploiting reuse and vectorization in blocked stencil computations on CPUs and GPUs},
  author={Zhao, Tuowen and Basu, Protonu and Williams, Samuel and Hall, Mary and Johansen, Hans},
  booktitle={Proceedings of the International Conference for High Performance Computing, Networking, Storage and Analysis},
  pages={1--44},
  year={2019}
}


